@book{Murphy,
  title={Machine learning: a probabilistic perspective},
  author={Kevin P. Murphy},
  pages={35},
  year={2012},
  publisher={MIT press}
}

@book{Sergios,
  title={Pattern Recognition},
  author="Sergios Theodoridis and Konstantinos Koutroumbas",
  pages={122},
  edition=4,
  year={2009},
  publisher={Academic Press}
}


@book{Nielsen,
  title={Neural networks and deep learning},
  author={Michael A. Nielsen},
  chapter={2, 3},
  pages={31, 46},
  year={2015},
  publisher={Determination press}
}

@article{Naess,
  title={Prosjekt 2 - Rapport},
  author={Espen NÃ¦ss},
  chapter={Teori og metodar},
  pages={3-13},
  year={2018},
}

@article{Epil,
  title={Epilepsy: Epileptic Seizures and Information},
  author={Disabled World},
  url={https://www.disabled-world.com/health/neurology/epilepsy/},
  year={2015},
  month={9},
  day={19},
  note={Henta 2018-12-12}
}

@article{Epil2,
  title={Epilepsy: Hope Through Research},
  author={NINDS},
  url={https://www.ninds.nih.gov/Disorders/Patient-Caregiver-Education/Hope-Through-Research/Epilepsies-and-Seizures-Hope-Through},
  year={2015},
  month={4},
  note={Henta 2018-12-12}
}

@article{Epil3,
  title={Partial (focal) seizure},
  author={Joseph V. Campellone, U.S. National Library of Medicine},
  url={https://medlineplus.gov/ency/article/000697.htm},
  year={2018},
  month={2},
  day={27},
  note={Henta 2018-12-12}
}

@article{Epil4,
  title={Combining time series and frequency domain analysis for a automatic seizure detection},
  author={Franz Furbass and Manfred Hartmann and Hannes Perko and Tilmann Kluge},
  url={https://www.researchgate.net/publication/235387071_Combining_time_series_and_frequency_domain_analysis_for_a_automatic_seizure_detection},
  year={2012},
  pages={1},
  month={8},
  note={Henta 2018-12-12}
}

@article{DWT,
  title={EEG Signal Processing for Epileptic Seizure Prediction by Using MLPNN and SVM Classifiers},
  author={Manisha Chandani and Arun Kumar},
  publisher={American Journal of Information Science and Technology},
  year={Vol. 2, No. 2, 2018},
  pages={36-41},
}

I. Goodfellow, Y. Bengio, A. Courville, Deep Learning, MIT Press, 2016.

@book{Goodfellow-et-al-2016,
    title={Deep Learning},
    author={Ian Goodfellow and Yoshua Bengio and Aaron Courville},
    publisher={MIT Press},
    chapter={10},
    note={\url{http://www.deeplearningbook.org}},
    year={2016}
}
